% Entries should use same style: 
%   i) First author and others;
%   ii) title should should be wrapped with {{}}; 
%   iii) Check for duplicate;
%   iv) For draft we should check for the latest version - or if they became rfc
%   v) Verify rendering when there are accents or other symbols
%   vi) Spell check when the work is finished


@IEEEtranBSTCTL{IEEEexample:BSTcontrol,
CTLdash_repeated_names= "no",
}

@inproceedings{interoperable,
  title={{Interoperable multi-domain delay-aware provisioning using Segment Routing monitoring and BGP-LS advertisement}},
  author={F. Paolucci and others},
  booktitle={ECOC 2016; 42nd European Conference on Optical Communication; Proceedings of},
  pages={1--3},
  year={2016},
  organization={VDE}
}

@article{anefficient,
  title={{An efficient routing algorithm based on Segment Routing in Software-Defined Networking}},
  author={M.C. Lee and others},
  journal={Computer Networks},
  volume={103},
  pages={44--55},
  year={2016},
  publisher={Elsevier}
}

@article{novelsdn,
  title={{Novel SDN architecture for smart MPLS Traffic Engineering-DiffServ Aware management}},
  author={A. Bahnasse and others},
  journal={Future Generation Computer Systems},
  year={2018},
  publisher={Elsevier}
}

@inproceedings{timfa,
  title={{TI-MFA: keep calm and reroute segments fast}},
  author={K.T. Foerster and others},
  booktitle={IEEE INFOCOM 2018-IEEE Conference on Computer Communications Workshops (INFOCOM WKSHPS)},
  pages={415--420},
  year={2018},
  organization={IEEE}
}

@article{filsfils2015segment,
  title={{The Segment Routing Architecture}},
  author={C. Filsfils and others},
  journal={Global Communications Conference (GLOBECOM), 2015 IEEE},
  pages={1--6},
  year={2015},
  organization={IEEE}
}

@techreport{id-spring-large-scale-interconnect,
	number =	{draft-filsfils-spring-large-scale-interconnect},
	type =		{Internet-Draft},
	institution =	{Internet Engineering Task Force},
	publisher =	{Internet Engineering Task Force},
	note =		{Work in Progress},
	url =		{https://datatracker.ietf.org/doc/draft-filsfils-spring-large-scale-interconnect},
    author =	{{\relax C. Filsfils et al.}},
	title =		{{Interconnecting Millions Of Endpoints With Segment Routing}},
	year =		2019,
	month =		mar,
	day =		5,
}

@techreport{id-segment-routing-policy,
	number =	{draft-ietf-spring-segment-routing-policy},
	type =		{Internet-Draft},
	institution =	{Internet Engineering Task Force},
	publisher =	{Internet Engineering Task Force},
	note =		{Work in Progress},
	url =		{https://datatracker.ietf.org/doc/draft-ietf-spring-segment-routing-policy},
    author =	{{\relax C. Filsfils et al.}},
	title =		{{Segment Routing Policy Architecture}},
	year =		2018,
	month =		oct,
	day =		22,
}

@techreport{id-sr-policy-considerations,
	number =	{draft-filsfils-spring-sr-policy-considerations},
	type =		{Internet-Draft},
	institution =	{Internet Engineering Task Force},
	publisher =	{Internet Engineering Task Force},
	note =		{Work in Progress},
	url =		{https://datatracker.ietf.org/doc/draft-filsfils-spring-sr-policy-considerations},
    author =	{{\relax C. Filsfils et al.}},
	title =		{{SR Policy Implementation and Deployment Considerations}},
	year =		2018,
	month =		oct,
	day =		21,
}

@techreport{id-sr-policy-yang,
	number =	{draft-raza-spring-sr-policy-yang},
	type =		{Internet-Draft},
	institution =	{Internet Engineering Task Force},
	publisher =	{Internet Engineering Task Force},
	note =		{Work in Progress},
	url =		{https://datatracker.ietf.org/doc/draft-raza-spring-sr-policy-yang},
    author =	{{\relax K. Raza et al.}},
	title =		{{YANG Data Model for Segment Routing Policy}},
	year =		2019,
	month =		may,
	day =		30,
}

@techreport{id-segment-routing-mpls,
	number =	{draft-ietf-spring-segment-routing-mpls},
	type =		{Internet-Draft},
	institution =	{Internet Engineering Task Force},
	publisher =	{Internet Engineering Task Force},
	note =		{Work in Progress},
	url =		{https://datatracker.ietf.org/doc/draft-ietf-spring-segment-routing-mpls},
    author =	{{\relax A. Bashandy et al.}},
	title =		{{Segment Routing with MPLS data plane}},
	year =		2019,
	month =		mar,
	day =		28,
}

@techreport{id-srv6-network-prog,
	number =	{draft-ietf-spring-srv6-network-programming},
	type =		{Internet-Draft},
	institution =	{Internet Engineering Task Force},
	publisher =	{Internet Engineering Task Force},
	note =		{Work in Progress},
	url =		{https://datatracker.ietf.org/doc/draft-ietf-spring-srv6-network-programming},    author =	{{\relax C. Filsfils et al.}},
	title =		{{SRv6 Network Programming}},
	year =		2019,
	month =		apr,
	day =		24,
}

@techreport{id-srv6-net-pgm-illustration,
	number =	{draft-filsfils-spring-srv6-net-pgm-illustration},
	type =		{Internet-Draft},
	institution =	{Internet Engineering Task Force},
	publisher =	{Internet Engineering Task Force},
	note =		{Work in Progress},
	url =		{https://datatracker.ietf.org/doc/draft-filsfils-spring-srv6-net-pgm-illustration},
    author =	{{\relax C. Filsfils et al.}},
	title =		{{Illustrations for SRv6 Network Programming}},
	year =		2019,
	month =		feb,
	day =		14,
}

@techreport{id-sr-service-programming,
	number =	{draft-xuclad-spring-sr-service-programming},
	type =		{Internet-Draft},
	institution =	{Internet Engineering Task Force},
	publisher =	{Internet Engineering Task Force},
	note =		{Work in Progress},
	url =		{https://datatracker.ietf.org/doc/draft-xuclad-spring-sr-service-programming},
    author =	{{\relax F. Clad et al.}},
	title =		{{Service Programming with Segment Routing}},
	year =		2018,
	month =		oct,
	day =		22,
}

@misc{rfc8402,
	series =	{Request for Comments},
	number =	8402,
	howpublished =	{IETF RFC 8402},
	publisher =	{RFC Editor},
	url =		{https://datatracker.ietf.org/doc/rfc8402/},
    author =	{{\relax S. Previdi et al.}},
	title =		{{Segment Routing Architecture}},
	year =		2018,
	month =		Jul,
}

@misc{rfc5439,
	series =	{Request for Comments},
	number =	5439,
	howpublished =	{IETF RFC 5439},
	publisher =	{RFC Editor},
	url =		{https://datatracker.ietf.org/doc/rfc5439},
    author =	{{\relax S. Yasukawa et al.}},
	title =		{{An Analysis of Scaling Issues in MPLS-TE Core Networks}},
	year =		2009,
	month =		Feb,
}

@misc{rfc8355,
	series =	{Request for Comments},
	number =	8355,
	howpublished =	{IETF RFC 8355},
	publisher =	{RFC Editor},
	url =		{https://datatracker.ietf.org/doc/rfc8355},
    author =	{{\relax C. Filsfils et al.}},
	title =		{{Resiliency Use Cases in Source Packet Routing in Networking (SPRING) Networks}},
	year =		2018,
	month =		Mar,
}

@misc{rfc8354,
	series =	{Request for Comments},
	number =	8354,
	howpublished =	{IETF RFC 8354},
	publisher =	{RFC Editor},
	url =		{https://datatracker.ietf.org/doc/rfc8354},
    author =	{{\relax J. Brzozowski et al.}},
	title =		{{Use Cases for IPv6 Source Packet Routing in Networking (SPRING)}},
	year =		2018,
	month =		Mar,
}

@techreport{id-segment-routing-msdc,
	number =	{draft-ietf-spring-segment-routing-msdc},
	type =		{Internet-Draft},
	institution =	{Internet Engineering Task Force},
	publisher =	{Internet Engineering Task Force},
	note =		{Work in Progress},
	url =		{https://datatracker.ietf.org/doc/draft-ietf-spring-segment-routing-msdc},
    author =	{{\relax C. Filsfils et al.}},
	title =		{{BGP-Prefix Segment in large-scale data centers}},
	year =		2018,
	month =		nov,
	day =		29,
}

@techreport{id-segment-routing-central-epe,
	number =	{draft-ietf-spring-segment-routing-central-epe},
	type =		{Internet-Draft},
	institution =	{Internet Engineering Task Force},
	publisher =	{Internet Engineering Task Force},
	note =		{Work in Progress},
	url =		{https://datatracker.ietf.org/doc/draft-ietf-spring-segment-routing-central-epe},
    author =	{{\relax C. Filsfils et al.}},
	title =		{{Segment Routing Centralized BGP Peer Engineering}},
	year =		2017,
	month =		dec,
	day =		21,
}

@techreport{id-sr-for-sdwan,
	number =	{draft-dukes-spring-sr-for-sdwan},
	type =		{Internet-Draft},
	institution =	{Internet Engineering Task Force},
	publisher =	{Internet Engineering Task Force},
	note =		{Work in Progress},
	url =		{https://datatracker.ietf.org/doc/draft-dukes-spring-sr-for-sdwan},
    author =	{{\relax D. Dukes et al.}},
	title =		{{SR for SDWAN - VPN with Underlay SLA}},
	year =		2018,
	month =		dec,
	day =		4,
}

@techreport{id-srv6-mobile-uplane,
	number =	{draft-ietf-dmm-srv6-mobile-uplane},
	type =		{Internet-Draft},
	institution =	{Internet Engineering Task Force},
	publisher =	{Internet Engineering Task Force},
	note =		{Work in Progress},
	url =		{https://datatracker.ietf.org/doc/draft-ietf-dmm-srv6-mobile-uplane},
    author =	{{\relax S. Matsushima et al.}},
	title =		{{Segment Routing IPv6 for Mobile User Plane}},
	year =		2019,
	month =		mar,
	day =		11,
}

@techreport{id-srv6-mobile-pocs,
	number =	{draft-camarillo-dmm-srv6-mobile-pocs},
	type =		{Internet-Draft},
	institution =	{Internet Engineering Task Force},
	publisher =	{Internet Engineering Task Force},
	note =		{Work in Progress},
	url =		{https://datatracker.ietf.org/doc/draft-camarillo-dmm-srv6-mobile-pocs},
    author =	{{\relax P. Camarillo et al.}},
	title =		{{Segment Routing IPv6 for mobile user-plane PoCs}},
	year =		2018,
	month =		oct,
	day =		22,
}

@techreport{id-network-slicing-building-blocks,
	number =	{draft-ali-spring-network-slicing-building-blocks},
	type =		{Internet-Draft},
	institution =	{Internet Engineering Task Force},
	publisher =	{Internet Engineering Task Force},
	note =		{Work in Progress},
	url =		{https://datatracker.ietf.org/doc/draft-ali-spring-network-slicing-building-blocks},
    author =	{{\relax Z. Ali et al.}},
	title =		{{Building blocks for Slicing in Segment Routing Network}},
	year =		2019,
	month =		mar,
	day =		10,
}

% Expired and archived
@techreport{id-sr-traffic-counters,
	number =	{draft-filsfils-spring-sr-traffic-counters},
	type =		{Internet-Draft},
	institution =	{Internet Engineering Task Force},
	publisher =	{Internet Engineering Task Force},
	note =		{Work in Progress},
	url =		{https://datatracker.ietf.org/doc/draft-filsfils-spring-sr-traffic-counters},
    author =	{{\relax C. Filsfils et al.}},
	title =		{{Segment Routing Traffic Accounting Counters}},
	year =		2018,
	month =		jun,
	day =		7,
}

@techreport{id-sr-traffic-accounting,
	number =	{draft-ali-spring-sr-traffic-accounting},
	type =		{Internet-Draft},
	institution =	{Internet Engineering Task Force},
	publisher =	{Internet Engineering Task Force},
	note =		{Work in Progress},
	url =		{https://datatracker.ietf.org/doc/draft-ali-spring-sr-traffic-accounting},
    author =	{{\relax Z. Ali et al.}},
	title =		{{Traffic Accounting in Segment Routing Networks}},
	year =		2018,
	month =		jun,
	day =		7,
}

@techreport{id-spring-poi-sr,
	number =	{draft-anand-spring-poi-sr},
	type =		{Internet-Draft},
	institution =	{Internet Engineering Task Force},
	publisher =	{Internet Engineering Task Force},
	note =		{Work in Progress},
	url =		{https://datatracker.ietf.org/doc/draft-anand-spring-poi-sr},
    author =	{{\relax M. Anand et al.}},
	title =		{{Packet-Optical Integration in Segment Routing}},
	year =		2019,
	month =		jan,
	day =		28,
}

@techreport{id-segment-routing-ti-lfa,
	number =	{draft-ietf-rtgwg-segment-routing-ti-lfa},
	type =		{Internet-Draft},
	institution =	{Internet Engineering Task Force},
	publisher =	{Internet Engineering Task Force},
	note =		{Work in Progress},
	url =		{https://datatracker.ietf.org/doc/draft-ietf-rtgwg-segment-routing-ti-lfa},
    author =	{{\relax S. Litkowski et al.}},
	title =		{{Topology Independent Fast Reroute using Segment Routing}},
	year =		2019,
	month =		mar,
	day =		5,
}

@techreport{id-segment-routing-uloop,
	number =	{draft-bashandy-rtgwg-segment-routing-uloop},
	type =		{Internet-Draft},
	institution =	{Internet Engineering Task Force},
	publisher =	{Internet Engineering Task Force},
	note =		{Work in Progress},
	url =		{https://datatracker.ietf.org/doc/draft-bashandy-rtgwg-segment-routing-uloop},
    author =	{{\relax A. Bashandy et al.}},
	title =		{{Loop avoidance using Segment Routing}},
	year =		2018,
	month =		sep,
	day =		24,
}

%Expired and archived
@techreport{id-microloop-avoidance,
	number =	{draft-hegde-rtgwg-microloop-avoidance-using-spring},
	type =		{Internet-Draft},
	institution =	{Internet Engineering Task Force},
	publisher =	{Internet Engineering Task Force},
	note =		{Work in Progress},
	url =		{https://datatracker.ietf.org/doc/draft-hegde-rtgwg-microloop-avoidance-using-spring/},
    author =	{{\relax S. Hegde et al.}},
	title =		{{Micro-loop avoidance using SPRING}},
	year =		2017,
	month =		jul,
	day =		3,
}

@misc{rfc8403,
	series =	{Request for Comments},
	number =	8403,
	howpublished =	{RFC 8403},
	publisher =	{RFC Editor},
	url =		{https://datatracker.ietf.org/doc/rfc8403},
    author =	{{\relax R. Geib et al.}},
	title =		{{A Scalable and Topology-Aware MPLS Data-Plane Monitoring System}},
	year =		2018,
	month =		jul,
}

@misc{rfc8287,
	series =	{Request for Comments},
	number =	8287,
	howpublished =	{IETF RFC 8287},
	publisher =	{RFC Editor},
	url =		{https://datatracker.ietf.org/doc/rfc8287},
    author =	{{\relax N. Kumar et al.}},
	title =		{{Label Switched Path (LSP) Ping/Traceroute for Segment Routing (SR) IGP-Prefix and IGP-Adjacency Segment Identifiers (SIDs) with MPLS Data Planes}},
	year =		2017,
	month =		Dec,
}

@techreport{id-srv6-oam,
	number =	{draft-ali-6man-spring-srv6-oam},
	type =		{Internet-Draft},
	institution =	{Internet Engineering Task Force},
	publisher =	{Internet Engineering Task Force},
	note =		{Work in Progress},
	url =		{https://datatracker.ietf.org/doc/draft-ali-6man-spring-srv6-oam},
    author =	{{\relax Z. Ali et al.}},
	title =		{{Operations, Administration, and Maintenance (OAM) in Segment Routing Networks with IPv6 Data plane (SRv6)}},
	year =		2019,
	month =		mar,
	day =		27,
}

@techreport{id-bfd-sr-policy,
	number =	{draft-ali-spring-bfd-sr-policy},
	type =		{Internet-Draft},
	institution =	{Internet Engineering Task Force},
	publisher =	{Internet Engineering Task Force},
	note =		{Work in Progress},
	url =		{https://datatracker.ietf.org/doc/draft-ali-spring-bfd-sr-policy},
    author =	{{\relax Z. Ali et al.}},
	title =		{{Bidirectional Forwarding Detection (BFD) for Segment Routing Policies for Traffic Engineering}},
	year =		2018,
	month =		oct,
	day =		22,
}

@misc{rfc6374,
	series =	{Request for Comments},
	number =	6374,
	howpublished =	{IETF RFC 6374},
	publisher =	{RFC Editor},
	url =		{https://datatracker.ietf.org/doc/rfc6374},
    author =	{{\relax D. Frost et al.}},
	title =		{{Packet Loss and Delay Measurement for MPLS Networks}},
	year =		2011,
	month =		Sep,
}

@misc{rfc7876,
	series =	{Request for Comments},
	number =	7876,
	howpublished =	{IETF RFC 7876},
	publisher =	{RFC Editor},
	url =		{https://datatracker.ietf.org/doc/rfc7876},
    author =	{{\relax S. Bryant et al.}},
	title =		{{UDP Return Path for Packet Loss and Delay Measurement for MPLS Networks}},
	year =		2016,
	month =		Jul,
}

@techreport{id-sr-mpls-pm,
	number =	{draft-gandhi-spring-rfc6374-srpm-mpls},
	type =		{Internet-Draft},
	institution =	{Internet Engineering Task Force},
	publisher =	{Internet Engineering Task Force},
	note =		{Work in Progress},
	url =		{https://datatracker.ietf.org/doc/draft-gandhi-spring-rfc6374-srpm-mpls},
    author =	{{\relax R. Gandhi et al.}},
	title =		{{In-band Performance Measurement for Segment Routing Networks with MPLS Data Plane}},
	year =		2019,
	month =		feb,
	day =		14,
}

@techreport{id-udp-pm,
	number =	{draft-gandhi-spring-rfc6374-srpm-udp},
	type =		{Internet-Draft},
	institution =	{Internet Engineering Task Force},
	publisher =	{Internet Engineering Task Force},
	note =		{Work in Progress},
	url =		{https://datatracker.ietf.org/doc/draft-gandhi-spring-rfc6374-srpm-udp},
    author =	{{\relax R. Gandhi et al.}},
	title =		{{In-band Performance Measurement Using UDP Path for Segment Routing Networks}},
	year =		2019,
	month =		feb,
	day =		14,
}

@article{sr-ietf-journal,
  title={{Segment Routing: Cutting Through the Hype and Finding the IETF's Innovative Nugget of Gold}},
  author={{A. Farrel and others}},
  journal={IETF Journal},
  url = {https://www.ietfjournal.org/segment-routing-cutting-through-the-hype-and-finding-the-ietfs-innovative-nugget-of-gold/},
  volume={13},
  number={1},
  year={2017},
  month={July},
  publisher={IETF}
}

@article{paolucci2018network,
  title={{Network service chaining using segment routing in multi-layer networks}},
  author={F. Paolucci},
  journal={IEEE/OSA Journal of Optical Communications and Networking},
  volume={10},
  number={6},
  pages={582--592},
  year={2018},
  publisher={IEEE}
}

@article{ontraffic,
  title={{On Traffic Engineering with Segment Routing in SDN based WANs}},
  author={G. Trimponias and others},
  journal={arXiv preprint arXiv:1703.05907},
  year={2017}
}

@article{pang2017sdn,
  title={{SDN-based data center networking with collaboration of multipath TCP and segment routing}},
  author={J. Pang and others},
  journal={IEEE Access},
  volume={5},
  pages={9764--9773},
  year={2017},
  publisher={IEEE}
}

@article{liaoruo2018optimizing,
  title={{Optimizing Segment Routing with the Maximum SLD Constraint using Openflow}},
  author={H. Liaoruo and others},
  journal={IEEE Access},
  year={2018},
  publisher={IEEE}
}

@inproceedings{ghuman2017per,
  title={{Per-packet based energy aware segment routing approach for Data Center Networks with SDN}},
  author={K.S. Ghuman and others},
  booktitle={Telecommunications (ICT), 2017 24th International Conference on},
  pages={1--6},
  year={2017},
  organization={IEEE}
}

@inproceedings{barakabitze2018novel,
  title={{A Novel QoE-Centric SDN-based Multipath Routing Approach for Multimedia Services over 5G Networks}},
  author={A.A. Barakabitze and others},
  booktitle={2018 IEEE International Conference on Communications (ICC)},
  pages={1--7},
  year={2018},
  organization={IEEE}
}

@inproceedings{li2017segment,
  title={{Segment Routing in Hybrid Software-Defined Networking}},
  author={Z. Li and others},
  booktitle={Communication Software and Networks (ICCSN), 2017 IEEE 9th International Conference on},
  pages={160--165},
  year={2017},
  organization={IEEE}
}

@inproceedings{efficientlabel,
  title={{Efficient label encoding in Segment-Routing enabled optical networks}},
  author={F. Lazzeri and others},
  booktitle={Optical Network Design and Modeling (ONDM), 2015 International Conference on},
  pages={34--38},
  year={2015},
  organization={IEEE}
}

@inproceedings{scmon,
  title={{SCMon: Leveraging Segment Routing to improve network monitoring}},
  author={F. Aubry and others},
  booktitle={Computer Communications, IEEE INFOCOM 2016-The 35th Annual IEEE International Conference on},
  pages={1--9},
  year={2016},
  organization={IEEE}
}

@inproceedings{optimizedte,
  title={{Optimized network traffic engineering using Segment Routing}},
  author={R. Bhatia and others},
  booktitle={Computer Communications (INFOCOM), 2015 IEEE Conference on},
  pages={657--665},
  year={2015},
  organization={ImplsEEE}
}

@inproceedings{energyefficient,
  title={{Segment Routing based traffic engineering for energy efficient backbone networks}},
  author={R. Carpa and others},
  booktitle={Advanced Networks and Telecommuncations Systems (ANTS), 2014 IEEE International Conference on},
  pages={1--6},
  year={2014},
  organization={IEEE}
}

@article{scalablesegment1,
  title={{Scalable Segment Routing: a new paradigm for efficient service provider networking using carrier Ethernet advances}},
  author={S. Bidkar and others},
  journal={IEEE/OSA Journal of Optical Communications and Networking},
  volume={7},
  number={5},
  pages={445--460},
  year={2015},
  publisher={IEEE}
}

@inproceedings{scalablesegment2,
  title={{A scalable framework for Segment Routing in service provider networks: The omnipresent Ethernet approach}},
  author={S. Bidkar and others},
  booktitle={High Performance Switching and Routing (HPSR), 2014 IEEE 15th International Conference on},
  pages={76--83},
  year={2014},
  organization={IEEE}
}

@inproceedings{scalablesegment3,
  title={{Field trial of a Software Defined Network (SDN) using carrier Ethernet and Segment Routing in a tier-1 provider}},
  author={S. Bidkar and others},
  booktitle={Global Communications Conference (GLOBECOM), 2014 IEEE},
  pages={2166--2172},
  year={2014},
  organization={IEEE}
}

@inproceedings{evolve,
  title={{Evolve carrier Ethernet architecture with SDN and Segment Routing}},
  author={D. Cai and others},
  booktitle={World of Wireless, Mobile and Multimedia Networks (WoWMoM), 2014 IEEE 15th International Symposium on a},
  pages={1--6},
  year={2014},
  organization={IEEE}
}

@article{incrementaldeploy,
  title={{Incremental Deployment of Segment Routing Into an ISP Network: a Traffic Engineering Perspective}},
  author={A. Cianfrani and others},
  journal={IEEE/ACM Transactions on Networking},
  volume={25},
  number={5},
  pages={3146--3160},
  year={2017},
  publisher={IEEE}
}

@inproceedings{translating,
  title={{Translating traffic engineering outcome into Segment Routing paths: The encoding problem}},
  author={A. Cianfrani and others},
  booktitle={Computer Communications Workshops (INFOCOM WKSHPS), 2016 IEEE Conference on},
  pages={245--250},
  year={2016},
  organization={IEEE}
}

@inproceedings{defo1,
  title={{A declarative and expressive approach to control forwarding paths in carrier-grade networks}},
  author={R. Hartert and others},
  booktitle={ACM SIGCOMM Computer Communication Review},
  volume={45},
  pages={15--28},
  year={2015},
  organization={ACM}
}

@inproceedings{defo2,
  title={{Solving Segment Routing problems with hybrid constraint programming techniques}},
  author={R. Hartert and others},
  booktitle={International Conference on Principles and Practice of Constraint Programming},
  pages={592--608},
  year={2015},
  organization={Springer}
}

@inproceedings{pathencoding,
  title={{Path encoding in Segment Routing}},
  author={A. Giorgetti and others},
  booktitle={Global Communications Conference (GLOBECOM), 2015 IEEE},
  pages={1--6},
  year={2015},
  organization={IEEE}
}

@inproceedings{labelencoding,
  title={{Label encoding algorithm for MPLS Segment Routing}},
  author={R. Guedrez and others},
  booktitle={Network Computing and Applications (NCA), 2016 IEEE 15th International Symposium on},
  pages={113--117},
  year={2016},
  organization={IEEE}
}

@inproceedings{optimizingrestoration,
  title={{Optimizing restoration with Segment Routing}},
  author={F. Hao and others},
  booktitle={Computer Communications, IEEE INFOCOM 2016-The 35th Annual IEEE International Conference on},
  pages={1--9},
  year={2016},
  organization={IEEE}
}

@inproceedings{demonstrationofsr,
  title={{Demonstration of SDN-based orchestration for multi-domain Segment Routing networks}},
  author={N. Kukreja and others},
  booktitle={Transparent Optical Networks (ICTON), 2016 18th International Conference on},
  pages={1--4},
  year={2016},
  organization={IEEE}
}

@inproceedings{srv61,
  title={{A Linux kernel implementation of Segment Routing with IPv6}},
  author={D. Lebrun},
  booktitle={Computer Communications Workshops (INFOCOM WKSHPS), 2016 IEEE Conference on},
  pages={1019--1020},
  year={2016},
  organization={IEEE}
}

@inproceedings{srv62,
  title={{Leveraging IPv6 Segment Routing for Service Function Chaining}},
  author={D. Lebrun},
  booktitle={Proc. CoNEXT Stud. Workshop},
  pages={1--15},
  year={2015}
}

@inproceedings{implementationof, 
    author={A. Abdelsalam and others}, 
    booktitle={2017 IEEE Conference on Network Softwarization (NetSoft)}, 
    title={{Implementation of virtual network function chaining through segment routing in a linux-based NFV infrastructure}}, 
    year={2017}, 
    volume={}, 
    number={}, 
    pages={1-5}, 
    doi={10.1109/NETSOFT.2017.8004208}, 
    ISSN={}, 
    month={July}
}

@inproceedings{trafficduplication,
  title={{Traffic duplication through segmentable disjoint paths}},
  author={F. Aubry and others},
  booktitle={IFIP Networking Conference (IFIP Networking), 2015},
  pages={1--9},
  year={2015},
  organization={IEEE}
}

@inproceedings{srlb,
  title={{SRLB: The Power of Choices in Load Balancing with Segment Routing}},
  author={Y. Desmouceaux and others},
  booktitle={Distributed Computing Systems (ICDCS), 2017 IEEE 37th International Conference on},
  pages={2011--2016},
  year={2017},
  organization={IEEE}
}

@article{segmentfor,
  title={{Segment Routing for effective recovery and multi-domain traffic engineering}},
  author={A. Giorgetti and others},
  journal={Journal of Optical Communications and Networking},
  volume={9},
  number={2},
  pages={A223--A232},
  year={2017},
  publisher={Optical Society of America}
}

@inproceedings{srdynamicrestoration,
  title={{Demonstration of dynamic restoration in Segment Routing multi-layer SDN networks}},
  author={A. Giorgetti and others},
  booktitle={Optical Fiber Communication Conference},
  pages={Th4G--4},
  year={2016},
  organization={Optical Society of America}
}

@inproceedings{reliablesr,
  title={{Reliable Segment Routing}},
  author={A. Giorgetti and others},
  booktitle={Reliable Networks Design and Modeling (RNDM), 2015 7th International Workshop on},
  pages={181--185},
  year={2015},
  organization={IEEE}
}

@inproceedings{experimentalmulti,
  title={{Experimental demonstration of multi-domain Segment Routing}},
  author={A. Sgambelluri and others},
  booktitle={Optical Communication (ECOC), 2015 European Conference on},
  pages={1--3},
  year={2015},
  organization={IEEE}
}

@inproceedings{firstdemonstration,
  title={{First demonstration of SDN-based Segment Routing in multi-layer networks}},
  author={A. Sgambelluri and others},
  booktitle={Optical Fiber Communications Conference and Exhibition (OFC), 2015},
  pages={1--3},
  year={2015},
  organization={IEEE}
}

@inproceedings{sdnandpce,
  title={{SDN and PCE implementations for Segment Routing}},
  author={A. Sgambelluri and others},
  booktitle={Networks and Optical Communications-(NOC), 2015 20th European Conference on},
  pages={1--4},
  year={2015},
  organization={IEEE}
}

@article{experimentaldemonstration,
  title={{Experimental demonstration of Segment Routing}},
  author={A. Sgambelluri and others},
  journal={Journal of Lightwave Technology},
  volume={34},
  number={1},
  pages={205--212},
  year={2016},
  publisher={IEEE}
}

@misc{springopen,
  title={{Spring Open Project}},
  note={available online at https://wiki.onosproject.org/display/ONOS10/Segment+Routing},
  key={springopen}
}

@misc{trellis,
  title={{Trellis}},
  note={available online at https://wiki.opencord.org/display/ CORD/Underlay+Fabric},
  key={trellis}
}

@article{cxp,
  title={{Control eXchange Points: Providing Qos-enabled end-to-end services via SDN-based inter-domain routing orchestration}},
  author={V. Kotronis and others},
  journal={LINX},
  volume={2429},
  number={1093},
  pages={2443},
  year={2014}
}

@article{pathlet,
  title={{Pathlet Routing}},
  author={P. Godfrey and others},
  journal={ACM SIGCOMM Computer Communication Review},
  volume={39},
  number={4},
  pages={111--122},
  year={2009},
  publisher={ACM}
}

@inproceedings{ascalableand,
  title={{A scalable and bandwidth-efficient multicast algorithm based on Segment Routing in Software-Defined Networking}},
  author={J.P. Sheu and others},
  booktitle={Communications (ICC), 2017 IEEE International Conference on},
  pages={1--6},
  year={2017},
  organization={IEEE}
}

@inproceedings{trafficpmsr,
  title={{Traffic engineering with Segment Routing: SDN-based architectural design and open source implementation}},
  author={L. Davoli and others},
  booktitle={Software Defined Networks (EWSDN), 2015 Fourth European Workshop on},
  pages={111--112},
  year={2015},
  organization={IEEE}
}

@inproceedings{pmsr,
  title={{PMSR-Poor Man's Segment Routing, a minimalistic approach to Segment Routing and a Traffic Engineering use case}},
  author={S. Salsano and others},
  booktitle={Network Operations and Management Symposium (NOMS), 2016 IEEE/IFIP},
  pages={598--604},
  year={2016},
  organization={IEEE}
}

@techreport{rodrigueznatal-lisp-srv6,
	number =	{draft-rodrigueznatal-lisp-srv6},
	type =		{Internet-Draft},
	institution =	{Internet Engineering Task Force},
	publisher =	{Internet Engineering Task Force},
	note =		{Work in Progress},
	url =		{https://datatracker.ietf.org/doc/draft-rodrigueznatal-lisp-srv6},
    author =	{{\relax A.R. Natal et al.}},
	title =		{{LISP Control Plane for SRv6 Endpoint Mobility}},
	year =		2019,
	month =		jan,
	day =		9,
}

@techreport{sivabalan-pce-binding-label-sid,
	number =	{draft-sivabalan-pce-binding-label-sid},
	type =		{Internet-Draft},
	institution =	{Internet Engineering Task Force},
	publisher =	{Internet Engineering Task Force},
	note =		{Work in Progress},
	url =		{https://datatracker.ietf.org/doc/draft-sivabalan-pce-binding-label-sid},
    author =	{{\relax S. Sivabalan et al.}},
	title =		{{Carrying Binding Label/Segment-ID in PCE-based Networks}},
	year =		2019,
	month =		feb,
	day =		5,
}

@techreport{ietf-pce-segment-routing,
	number =	{draft-ietf-pce-segment-routing},
	type =		{Internet-Draft},
	institution =	{Internet Engineering Task Force},
	publisher =	{Internet Engineering Task Force},
	note =		{Work in Progress},
	url =		{https://datatracker.ietf.org/doc/draft-ietf-pce-segment-routing},
    author =	{{\relax S. Sivabalan et al.}},
	title =		{{PCEP Extensions for Segment Routing}},
	year =		2018,
	month =		oct,
}

@misc{rfc7471,
	series =	{Request for Comments},
	number =	7471,
	howpublished =	{IETF RFC 7471},
	publisher =	{RFC Editor},
	url =		{https://datatracker.ietf.org/doc/rfc7471},
    author =	{{\relax S. Giacalone et al.}},
	title =		{{OSPF Traffic Engineering (TE) Metric Extensions}},
	pagetotal =	19,
	year =		2015,
	month =		mar,
}

@techreport{ietf-lsr-flex-algo,
	number =	{draft-ietf-lsr-flex-algo},
	type =		{Internet-Draft},
	institution =	{Internet Engineering Task Force},
	publisher =	{Internet Engineering Task Force},
	note =		{Work in Progress},
	url =		{https://datatracker.ietf.org/doc/draft-ietf-lsr-flex-algo},
    author =	{{\relax P. Psenak et al.}},
	title =		{{IGP Flexible Algorithm}},
	year =		2018,
	month =		nov,
	day =		12,
}

@techreport{id-lsr-flex-algo-yang,
	number =	{draft-rasool-lsr-flex-algo-yang},
	type =		{Internet-Draft},
	institution =	{Internet Engineering Task Force},
	publisher =	{Internet Engineering Task Force},
	note =		{Work in Progress},
	url =		{https://datatracker.ietf.org/doc/draft-rasool-lsr-flex-algo-yang},
    author =	{{\relax M. Rasool et al.}},
	title =		{{YANG Model for IGP Flexible Algorithm}},
	year =		2019,
	month =		apr,
	day =		28,
}

@techreport{li-ospf-ospfv3-srv6-extensions,
	number =	{draft-li-ospf-ospfv3-srv6-extensions},
	type =		{Internet-Draft},
	institution =	{Internet Engineering Task Force},
	publisher =	{Internet Engineering Task Force},
	note =		{Work in Progress},
	url =		{https://datatracker.ietf.org/doc/draft-li-ospf-ospfv3-srv6-extensions},
    author =	{{\relax Z. Li et al.} },
	title =		{{OSPFv3 Extensions for SRv6}},
	year =		2019,
	month =		mar,
	day =		6,
}

@misc{rfc8476,
	series =	{Request for Comments},
	number =	8476,
	howpublished =	{RFC 8476},
	publisher =	{RFC Editor},
	url =		{https://datatracker.ietf.org/doc/rfc8476},
    author =	{{\relax J. Tantsura et al.} },
	title =		{{Signaling Maximum SID Depth (MSD) Using OSPF}},
	year =		2018,
	month =		dec,
}

@techreport{ietf-ospf-ospfv3-segment-routing-extensions,
	number =	{draft-ietf-ospf-ospfv3-segment-routing-extensions},
	type =		{Internet-Draft},
	institution =	{Internet Engineering Task Force},
	publisher =	{Internet Engineering Task Force},
	note =		{Work in Progress},
	url =		{https://datatracker.ietf.org/doc/draft-ietf-ospf-ospfv3-segment-routing-extensions},
    author =	{{\relax P. Psenak et al.} },
	title =		{{OSPFv3 Extensions for Segment Routing}},
	year =		2019,
	month =		jan,
	day =		9,
}

@techreport{ietf-ospf-segment-routing-extensions,
	number =	{draft-ietf-ospf-segment-routing-extensions},
	type =		{Internet-Draft},
	institution =	{Internet Engineering Task Force},
	publisher =	{Internet Engineering Task Force},
	note =		{Work in Progress},
	url =		{https://datatracker.ietf.org/doc/draft-ietf-ospf-segment-routing-extensions},
    author =	{{\relax P. Psenak et al.} },
	title =		{{OSPF Extensions for Segment Routing}},
	year =		2018,
	month =		dec,
	day =		5,
}

@misc{rfc7810,
	series =	{Request for Comments},
	number =	7810,
	howpublished =	{IETF RFC 7810},
	publisher =	{RFC Editor},
	url =		{https://datatracker.ietf.org/doc/rfc7810},
    author =	{{\relax S. Previdi et al.} },
	title =		{{IS-IS Traffic Engineering (TE) Metric Extensions}},
	year =		2016,
	month =		may,
}

@techreport{ietf-isis-l2bundles,
	number =	{draft-ietf-isis-l2bundles},
	type =		{Internet-Draft},
	institution =	{Internet Engineering Task Force},
	publisher =	{Internet Engineering Task Force},
	note =		{Work in Progress},
	url =		{https://datatracker.ietf.org/doc/draft-ietf-isis-l2bundles},
    author =	{{\relax L. Ginsberg et al.} },
	title =		{{Advertising L2 Bundle Member Link Attributes in IS-IS}},
	year =		2017,
	month =		may,
	day =		25,
}

@misc{rfc8491,
	series =	{Request for Comments},
	number =	8491,
	howpublished =	{RFC 8491},
	publisher =	{RFC Editor},
	url =		{https://datatracker.ietf.org/doc/rfc8491},
    author =	{{\relax J. Tantsura et al.} },
	title =		{{Signaling Maximum SID Depth (MSD) Using IS-IS}},
	year =		2018,
	month =		nov,
}

@techreport{id-isis-srv6-extensions,
	number =	{draft-ietf-lsr-isis-srv6-extensions},
	type =		{Internet-Draft},
	institution =	{Internet Engineering Task Force},
	publisher =	{Internet Engineering Task Force},
	note =		{Work in Progress},
	url =		{https://datatracker.ietf.org/doc/draft-ietf-lsr-isis-srv6-extensions},
    author =	{{\relax P. Psenak et al.}},
	title =		{{IS-IS Extensions to Support Routing over IPv6 Dataplane}},
	year =		2019,
	month =		may,
	day =		31,
}

@techreport{ietf-isis-segment-routing-extensions,
	number =	{draft-ietf-isis-segment-routing-extensions},
	type =		{Internet-Draft},
	institution =	{Internet Engineering Task Force},
	publisher =	{Internet Engineering Task Force},
	note =		{Work in Progress},
	url =		{https://datatracker.ietf.org/doc/draft-ietf-isis-segment-routing-extensions},
    author =	{{\relax S. Previdi et al.}},
	title =		{{IS-IS Extensions for Segment Routing}},
	year =		2019,
	month =		may,
	day =		19,
}

@techreport{ketant-idr-bgp-ls-bgp-only-fabric,
	number =	{draft-ketant-idr-bgp-ls-bgp-only-fabric},
	type =		{Internet-Draft},
	institution =	{Internet Engineering Task Force},
	publisher =	{Internet Engineering Task Force},
	note =		{Work in Progress},
	url =		{https://datatracker.ietf.org/doc/draft-ketant-idr-bgp-ls-bgp-only-fabric},
    author =	{{\relax K. Talaulikar et al.}},
	title =		{{BGP Link-State Extensions for BGP-only Fabric}},
	year =		2018,
	month =		mar,
	day =		3,
}

@techreport{ietf-idr-bgpls-srv6-ext,
	number =	{draft-ietf-idr-bgpls-srv6-ext},
	type =		{Internet-Draft},
	institution =	{Internet Engineering Task Force},
	publisher =	{Internet Engineering Task Force},
	note =		{Work in Progress},
	url =		{https://datatracker.ietf.org/doc/draft-dawra-idr-bgpls-srv6-ext},
    author =	{{\relax G. Dawra  et al.}},
	title =		{{BGP Link State extensions for IPv6 Segment Routing(SRv6)}},
	year =		2018,
	month =		mar,
	day =		5,
}

@techreport{ietf-idr-te-pm-bgp,
	number =	{draft-ietf-idr-te-pm-bgp},
	type =		{Internet-Draft},
	institution =	{Internet Engineering Task Force},
	publisher =	{Internet Engineering Task Force},
	note =		{Work in Progress},
	url =		{https://datatracker.ietf.org/doc/draft-ietf-idr-te-pm-bgp},
    author =	{{\relax L. Ginsberg  et al.}},
	title =		{{BGP-LS Advertisement of IGP Traffic Engineering Performance Metric Extensions}},
	year =		2018,
	month =		mar,
	day =		21
}

@misc{rfc8571,
	series =	{Request for Comments},
	number =	8571,
	howpublished =	{RFC 8571},
	publisher =	{RFC Editor},
	doi =		{10.17487/RFC8571},
	url =		{https://datatracker.ietf.org/doc/rfc8571},
    author =	{{\relax L. Ginsberg  et al.}},
	title =		{{BGP - Link State (BGP-LS) Advertisement of IGP Traffic Engineering Performance Metric Extensions}},
	year =		2019,
	month =		mar
}

@techreport{ietf-idr-bgp-ls-segment-routing-msd,
	number =	{draft-ietf-idr-bgp-ls-segment-routing-msd},
	type =		{Internet-Draft},
	institution =	{Internet Engineering Task Force},
	publisher =	{Internet Engineering Task Force},
	note =		{Work in Progress},
	url =		{https://datatracker.ietf.org/doc/draft-ietf-idr-bgp-ls-segment-routing-msd},
    author =	{{\relax J. Tantsura  et al.}},
	title =		{{Signaling Maximum SID Depth using Border Gateway Protocol Link-State}},
	year =		2017,
	month =		oct,
	day =		16
}

@techreport{ietf-idr-bgpls-segment-routing-epe,
	number =	{draft-ietf-idr-bgpls-segment-routing-epe},
	type =		{Internet-Draft},
	institution =	{Internet Engineering Task Force},
	publisher =	{Internet Engineering Task Force},
	note =		{Work in Progress},
	url =		{https://datatracker.ietf.org/doc/draft-ietf-idr-bgpls-segment-routing-epe},
    author =	{{\relax S. Previdi  et al.}},
	title =		{{BGP-LS extensions for Segment Routing BGP Egress Peer Engineering}},
	year =		2018,
	month =		mar,
}

@techreport{ietf-idr-te-lsp-distribution,
	number =	{draft-ietf-idr-te-lsp-distribution},
	type =		{Internet-Draft},
	institution =	{Internet Engineering Task Force},
	publisher =	{Internet Engineering Task Force},
	note =		{Work in Progress},
	url =		{https://datatracker.ietf.org/doc/draft-ietf-idr-te-lsp-distribution},
    author =	{{\relax S. Previdi  et al.}},
	title =		{{Distribution of Traffic Engineering (TE) Policies and State using BGP-LS}},
	year =		2018,
	month =		jun,
	day =		29,
}

@techreport{ietf-idr-bgp-ls-segment-routing-ext,
	number =	{draft-ietf-idr-bgp-ls-segment-routing-ext},
	type =		{Internet-Draft},
	institution =	{Internet Engineering Task Force},
	publisher =	{Internet Engineering Task Force},
	note =		{Work in Progress},
	url =		{https://datatracker.ietf.org/doc/draft-ietf-idr-bgp-ls-segment-routing-ext},
    author =	{{\relax S. Previdi  et al.}},
	title =		{{BGP Link-State extensions for Segment Routing}},
	year =		2018,
	month =		may,
	day =		23,
}

@techreport{dawra-bess-srv6-services,
	number =	{draft-dawra-bess-srv6-services},
	type =		{Internet-Draft},
	institution =	{Internet Engineering Task Force},
	publisher =	{Internet Engineering Task Force},
	note =		{Work in Progress},
	url =		{https://datatracker.ietf.org/doc/draft-dawra-bess-srv6-services},
    author =	{{\relax G. Dawra  et al.}},
	title =		{{SRv6 BGP based Overlay services}},
	year =		2019,
	month =		mar,
	day =		11,
}

@techreport{dawra-idr-bgp-ls-sr-service-segments,
	number =	{draft-dawra-idr-bgp-ls-sr-service-segments},
	type =		{Internet-Draft},
	institution =	{Internet Engineering Task Force},
	publisher =	{Internet Engineering Task Force},
	note =		{Work in Progress},
	url =		{https://datatracker.ietf.org/doc/draft-dawra-idr-bgp-ls-sr-service-segments},
    author =	{{\relax G. Dawra  et al.}},
	title =		{{BGP-LS Advertisement of Segment Routing Service Segments}},
	year =		2019,
	month =		jan,
	day =		16,
}

@techreport{ietf-idr-segment-routing-te-policy,
	number =	{draft-ietf-idr-segment-routing-te-policy},
	type =		{Internet-Draft},
	institution =	{Internet Engineering Task Force},
	publisher =	{Internet Engineering Task Force},
	note =		{Work in Progress},
	url =		{https://datatracker.ietf.org/doc/draft-ietf-idr-segment-routing-te-policy},
    author =	{{\relax S. Previdi  et al.}},
	title =		{{Advertising Segment Routing Policies in BGP}},
	year =		2018,
	month =		jul,
	day =		2,
}

@techreport{ietf-idr-bgp-prefix-sid,
	number =	{draft-ietf-idr-bgp-prefix-sid},
	type =		{Internet-Draft},
	institution =	{Internet Engineering Task Force},
	publisher =	{Internet Engineering Task Force},
	note =		{Work in Progress},
	url =		{https://datatracker.ietf.org/doc/draft-ietf-idr-bgp-prefix-sid-27},
    author =	{{\relax S. Previdi  et al.}},
	title =		{{Segment Routing Prefix SID extensions for BGP}},
	year =		2018,
	month =		jun,
	day =		26,
}

@techreport{raza-spring-srv6-yang,
	number =	{draft-raza-spring-srv6-yang},
	type =		{Internet-Draft},
	institution =	{Internet Engineering Task Force},
	publisher =	{Internet Engineering Task Force},
	note =		{Work in Progress},
	url =		{https://datatracker.ietf.org/doc/draft-raza-spring-srv6-yang},
    author =	{{\relax K. Raza et al.}},
	title =		{{YANG Data Model for SRv6 Base and Static}},
	year =		2018,
	month =		mar,
	day =		5,
}

@techreport{voyer-6man-extension-header-insertion,
	number =	{draft-voyer-6man-extension-header-insertion},
	type =		{Internet-Draft},
	institution =	{Internet Engineering Task Force},
	publisher =	{Internet Engineering Task Force},
	note =		{Work in Progress},
	url =		{https://datatracker.ietf.org/doc/draft-voyer-6man-extension-header-insertion},
    author =	{{\relax D. Voyer et al.}},
	title =		{{Insertion of IPv6 Segment Routing Headers in a Controlled Domain}},
	year =		2018,
	month =		jun,
	day =		22,
}

@misc{onos,
  title={{ONOS Project}},
  author={{Open Networking Foundation}},
  note={available online at https://onosproject.org},
  key={onos}
}

@misc{ocp,
  title={{Open Compute Project}},
  note={available online at http://www.opencompute.org},
  key={ocp}
}

@misc{brcm,
  title = {{Broadcom}},
  note={available online at https://www.broadcom.com},
  key={brcm}
}

@misc{ofdpa,
  author = {{Broadcom}},
  title = {{OpenFlow Datapath Abstraction}},
  note={available online at https://github.com/Broadcom-Switch/of-dpa},
  key={ofpda}
}

@misc{frr,
  title = {{FRRouting}},
  note={available online at https://frrouting.org},
  key={frr}
}

@techreport{ietf-mpls-sr-over-ip,
	number =	{draft-ietf-mpls-sr-over-ip},
	type =		{Internet-Draft},
	institution =	{Internet Engineering Task Force},
	publisher =	{Internet Engineering Task Force},
	note =		{Work in Progress},
	url =		{https://datatracker.ietf.org/doc/draft-ietf-mpls-sr-over-ip},
    author =	{{\relax X. Xu et al.}},
	title =		{{SR-MPLS over IP}},
	year =		2019,
	month =		jun,
	day =		16
}

@techreport{ietf-teas-sr-rsvp-coexistence-rec-04,
	number =	{draft-ietf-teas-sr-rsvp-coexistence-rec-04},
	type =		{Internet-Draft},
	institution =	{Internet Engineering Task Force},
	publisher =	{Internet Engineering Task Force},
	note =		{Work in Progress},
	url =		{https://datatracker.ietf.org/doc/html/draft-ietf-teas-sr-rsvp-coexistence-rec-04},
    author =	{H. Sitaraman and others},
	title =		{{Recommendations for RSVP-TE and Segment Routing LSP co-existence}},
	pagetotal =	12,
	year =		2018,
	month =		may,
}

@misc{rfc8426,
	series =	{Request for Comments},
	number =	8426,
	howpublished =	{RFC 8426},
	publisher =	{RFC Editor},
	doi =		{10.17487/RFC8426},
	url =		{https://datatracker.ietf.org/doc/rfc8426},
    author =	{{\relax H. Sitaraman et al.}},
	title =		{{Recommendations for RSVP-TE and Segment Routing (SR) Label Switched Path (LSP) Coexistence}},
	year =		2018,
	month =		jul,
}

% Expired & archived
@techreport{filsfils-spring-sr-recursing-info,
	number =	{draft-filsfils-spring-sr-recursing-info},
	type =		{Internet-Draft},
	institution =	{Internet Engineering Task Force},
	publisher =	{Internet Engineering Task Force},
	note =		{Work in Progress},
	url =		{https://datatracker.ietf.org/doc/draft-filsfils-spring-sr-recursing-info},
    author =	{{\relax C. Filsfils et al.}},
	title =		{{Segment Routing Recursive Information}},
	year =		2017,
	month =		jun,
	day =		20,
}

%Expired and archived
@techreport{ietf-spring-mpls-anycast-segments,
	number =	{draft-ietf-spring-mpls-anycast-segments},
	type =		{Internet-Draft},
	institution =	{Internet Engineering Task Force},
	publisher =	{Internet Engineering Task Force},
	note =		{Work in Progress},
	url =		{https://datatracker.ietf.org/doc/draft-ietf-spring-mpls-anycast-segments},
    author =	{{\relax P. Sarkar et al.}},
	title =		{{Anycast Segments in MPLS based Segment Routing}},
	year =		2018,
	month =		jan,
	day =		28,
}

@techreport{ietf-spring-segment-routing-ldp-interop,
	number =	{draft-ietf-spring-segment-routing-ldp-interop},
	type =		{Internet-Draft},
	institution =	{Internet Engineering Task Force},
	publisher =	{Internet Engineering Task Force},
	note =		{Work in Progress},
	url =		{https://datatracker.ietf.org/doc/draft-ietf-spring-segment-routing-ldp-interop},
    author =	{{\relax A. Bashandy et al.}},
	title =		{{Segment Routing interworking with LDP}},
	year =		2018,
	month =		sep,
	day =		2,
}

@misc{ryu,
  title={{RYU Project}},
  note={available online at http://osrg.github.io/ryu/},
  key={ryu}
}

@misc{pmsrcode,
  title={{SDN-TE-SR}},
  note={available online at https://github.com/netgroup/SDN-TE-SR},
  key={pmsrcode}
}

@inproceedings{fressancourt2015sdn,
  title={{A SDN-based network architecture for cloud resiliency}},
  author={A. Fressancourt and others},
  booktitle={Consumer Communications and Networking Conference (CCNC), 2015 12th Annual IEEE},
  pages={479--484},
  year={2015},
  organization={IEEE}
}

@article{li2018bandwidth,
  title={{Bandwidth-Efficient Network Monitoring Algorithms Based on Segment Routing}},
  author={X. Li and others},
  journal={Computer Networks},
  year={2018},
  publisher={Elsevier}
}

@inproceedings{duchene2018exploring,
  title={{Exploring various use cases for IPv6 Segment Routing}},
  author={F. Duchene and others},
  booktitle={Proceedings of the ACM SIGCOMM 2018 Conference on Posters and Demos},
  pages={129--131},
  year={2018},
  organization={ACM}
}

@inproceedings{lebrun2018software,
  title={{Software resolved networks: Rethinking enterprise networks with IPv6 Segment Routing}},
  author={D. Lebrun and others},
  booktitle={Proceedings of the Symposium on SDN Research},
  pages={6},
  year={2018},
  organization={ACM}
}

@article{moreno2017traffic,
  title={{Traffic engineering in Segment Routing networks}},
  author={E. Moreno and others},
  journal={Computer Networks},
  volume={114},
  pages={23--31},
  year={2017},
  publisher={Elsevier}
}

@article{pereira2017optimizing,
  title={{Optimizing Segment Routing using Evolutionary Computation}},
  author={V. Pereira and others},
  journal={Procedia Computer Science},
  volume={110},
  pages={312--319},
  year={2017},
  publisher={Elsevier}
}

@inproceedings{roomi2018semi,
  title={{Semi-Oblivious Segment Routing with Bounded Traffic Fluctuations}},
  author={H. Roomi and others},
  booktitle={Electrical Engineering (ICEE), Iranian Conference on},
  pages={1670--1675},
  year={2018},
  organization={IEEE}
}

@article{ventre2018sdn,
  title={{SDN Architecture and Southbound APIs for IPv6 Segment Routing Enabled Wide Area Networks}},
  author={P.L. Ventre and others},
  journal={IEEE Transactions on Network and Service Management},
  year={2018},
  publisher={IEEE}
}

@inproceedings{thaenchaikun2016mitigate,
  title={{Mitigate the load sharing of Segment Routing for SDN green Traffic Engineering}},
  author={C. Thaenchaikun and others},
  booktitle={Intelligent Signal Processing and Communication Systems (ISPACS), 2016 International Symposium on},
  pages={1--6},
  year={2016},
  organization={IEEE}
}

@inproceedings{dugeon2017demonstration,
  title={{Demonstration of Segment Routing with SDN based label stack optimization}},
  author={O. Dugeon and others},
  booktitle={Innovations in Clouds, Internet and Networks (ICIN), 2017 20th Conference on},
  pages={143--145},
  year={2017},
  organization={IEEE}
}

@inproceedings{guedrez2017new,
  title={{A new method for encoding MPLS Segment Routing TE paths}},
  author={R. Guedrez and others},
  booktitle={Network of the Future (NOF), 2017 8th International Conference on th},
  pages={58--65},
  year={2017},
  organization={IEEE}
}

@inproceedings{paolucci2017service,
  title={{Service chaining in multi-layer networks using Segment Routing and extended BGP FlowSpec}},
  author={F. Paolucci and others},
  booktitle={Optical Fiber Communication Conference},
  pages={W4J--3},
  year={2017},
  organization={Optical Society of America}
}

@inproceedings{gay2017expect,
  title={{Expect the unexpected: Sub-second optimization for Segment Routing}},
  author={S. Gay and others},
  booktitle={INFOCOM 2017-IEEE Conference on Computer Communications, IEEE},
  pages={1--9},
  year={2017},
  organization={IEEE}
}

@article{polverini2018routing,
  title={{Routing Perturbation for Traffic Matrix Evaluation in a Segment Routing Network}},
  author={M. Polverini and others},
  journal={IEEE Transactions on Network and Service Management},
  year={2018},
  publisher={IEEE}
}

@inproceedings{cianfrani2018heuristic,
  title={{A Heuristic Approach to Assess the Traffic Matrix of an ISP Exploiting Segment Routing Flexibility}},
  author={A. Cianfrani and others},
  booktitle={2018 30th International Teletraffic Congress (ITC 30)},
  volume={1}, 
  pages={194--199},
  year={2018},
  organization={IEEE}
}

@inproceedings{polveriniNoF2018,
  title={{Interface Counters in Segment Routing v6: a powerful instrument for Traffic Matrix Assessment}},
  author={M. Polverini and others},
  booktitle={2018 9th International Conference on the Network of the Future (NOF)},
  pages={76--82},
  year={2018},
  publisher={IEEE}
}

@inproceedings{castoldi2017segment,
  title={{Segment Routing in multi-layer networks}},
  author={P. Castoldi and others},
  booktitle={Transparent Optical Networks (ICTON), 2017 19th International Conference on},
  pages={1--4},
  year={2017},
  organization={IEEE}
}

@inproceedings{desmouceauxzero,
  title={{Zero-Loss Virtual Machine Migration with IPv6 Segment Routing}},
  author={Y. Desmouceaux and others},
  booktitle={1st Workshop on Segment Routing and Service Function Chaining (SR+SFC 2018) at CNSM 2018, Rome, Italy},
  year={2018}
}

@article{xhonneux2018flexible,
  title={{Flexible failure detection and fast reroute using eBPF and SRv6}},
  author={M. Xhonneux and others},
  journal={arXiv preprint arXiv:1810.10260},
  year={2018}
}

@article{xhonneux2018leveraging,
  title={{Leveraging eBPF for programmable network functions with IPv6 Segment Routing}},
  author={M. Xhonneux and others},
  journal={arXiv preprint arXiv:1810.10247},
  year={2018}
}

@inproceedings{ahmedperformance,
  title={{Performance of IPv6 Segment Routing in Linux Kernel}},
  author={A. Abdelsalam and others},
  booktitle={1st Workshop on Segment Routing and Service Function Chaining (SR+SFC 2018) at CNSM 2018, Rome, Italy},
  year={2018}
}

@inproceedings{abdelsalam2018sera,
  title={{SERA: SEgment Routing Aware Firewall for Service Function Chaining scenarios}},
  author={A. Abdelsalam and others},
  booktitle={IFIP Networking},
  year={2018}
}

@misc{foerster2018local,
  title={{Local Fast Segment Rerouting on Hypercubes}},
  author={K. T. Foerster and others},
  url =		{http://eprints.cs.univie.ac.at/5837/11/2018-hypercubes.pdf},
  year={2018}
}

@techreport{ietf-6man-segment-routing-header,
	number =	{draft-ietf-6man-segment-routing-header},
	type =		{Internet-Draft},
	institution =	{Internet Engineering Task Force},
	publisher =	{Internet Engineering Task Force},
	note =		{Work in Progress},
	url =		{https://datatracker.ietf.org/doc/draft-ietf-6man-segment-routing-header},
    author =	{{\relax C. Filsfils et al.}},
	title =		{{IPv6 Segment Routing Header (SRH)}},
	year =		2019,
	month =		jun,
	day =		13,
}

@misc{cloudlab,
  title={{CloudLab home page}},
  type = {Web site},
  url = {https://www.cloudlab.us/},
}

@techreport{kernel4-14,
  author = {Linux Kernel Newbies},
  title= {{Linux 4.14}},
  type = {Web site},
  url = {https://kernelnewbies.org/Linux_4.14},
}

@misc{iproute2,
  title={{Linux Foundation Wiki - iproute2}},
  type = {Web site},
  url = {https://wiki.linuxfoundation.org/networking/iproute2},
}

@misc{netfilter-hacking,
  author = {{\relax R. Russell et al.}},
  title={{Linux netfilter Hacking Howto}},
  note = {http://www.netfilter.org/documentation/HOWTO/netfilter-hacking-HOWTO.html},
}

@techreport{rfc2544,
  author = {{\relax S. Bradner et al.}},
  title = {{Benchmarking Methodology for Network Interconnect Devices}},
  howpublished = {Internet Requests for Comments},
  type = {RFC},
  number = {2544},
  year = {1999},
  month = {March},
  publisher = {RFC Editor},
  institution = {RFC Editor},
  url = {https://tools.ietf.org/html/rfc2544},
}

@misc{trex-cisco,
  title={{TRex realistic traffic generator}},
  type = {Web site},
  url = {https://trex-tgn.cisco.com/},
}

@misc{csit-report,
  title={{CSIT REPORT - The Fast Data I/O Project (FD.io) Continuous System Integration and Testing (CSIT) project report for CSIT master system testing of VPP-18.04 release.}},
  type = {Web site},
  url = {https://docs.fd.io/csit/master/report/_static/archive/csit_master.pdf},
}

@misc{dpdk,
  title={{DPDK}},
  url = {https://www.dpdk.org/},
  key = {dpdk}
}

@inproceedings{lebrun2017implementing,
  title={{Implementing IPv6 Segment Routing in the Linux Kernel}},
  author={D. Lebrun and O. Bonaventure},
  booktitle={Proceedings of the Applied Networking Research Workshop},
  pages={35--41},
  year={2017},
  organization={ACM}
}

@misc{srv6-impl-basic,
  title = {{SRv6 - Linux kernel implementation - basic configuration}},
  type = {Web site}, 
  url = {https://segment-routing.org/index.php/Implementation/Configuratio},
}

@misc{srv6-impl-adv,
  title = {{SRv6 - Linux kernel implementation - advanced configuration}},
  type = {Web site}, 
  url = {https://segment-routing.org/index.php/Implementation/AdvancedConf},
}

@misc{lebrun2017reaping,
  title={{Reaping the benefits of IPv6 Segment Routing}},
  author={D. Lebrun},
  year={2017}, 
  type = {Web site},
  url={https://inl.info.ucl.ac.be/system/files/phdthesis-lebrun.pdf}
}

@misc{kernel4-16,
  title= {{Linux Kernel Newbies - Linux 4.16}},
  type = {Web site},
  url = {https://kernelnewbies.org/Linux_4.16},
}

@misc{kernel4-18,
  title= {{Linux Kernel Newbies - Linux 4.18}},
  type = {Web site},
  url = {https://kernelnewbies.org/Linux_4.18},
}

@misc{netfilter,
  title= {{Linux netfilter hacking}},
  type = {Web site},
  url = {https://www.netfilter.org/documentation/HOWTO/netfilter-hacking-HOWTO-3.html},
}

@inproceedings{paper-sera,
  title={{SERA: SEgment Routing Aware Firewall for Service Function Chaining scenarios}},
  author={A. Abdelsalam and others},
  booktitle={IFIP Networking 2018},
  year={2018},
  month = {May},
  organization={IEEE}
}

@misc{lwn-ebpf,
  title = {{A thorough introduction to eBPF}},
  type = {Web site},
  url = {https://lwn.net/Articles/740157/},
}

@misc{wiki-iptables,
  title = {{Arch Wiki - iptables}},
  type = {Web site},
  url = {https://wiki.archlinux.org/index.php/iptables},
}

@techreport{rfc7855,
  author = {{\relax S. Previdi et al.}},
  title = {{Source Packet Routing in Networking (SPRING) Problem Statement and Requirements}},
  howpublished = {Internet Requests for Comments},
  type = {RFC},
  number = {7855},
  year = {2016},
  month = {May},
  publisher = {RFC Editor},
  institution = {RFC Editor},
  url = {https://tools.ietf.org/html/rfc7855},
}
  
@techreport{rfc5095,
  author = {{\relax J. Abley et al.}},
  title = {{Deprecation of Type 0 Routing Headers in IPv6}},
  howpublished = {Internet Requests for Comments},
  type = {RFC},
  number = {5095},
  year = {2007},
  month = {December},
  publisher = {RFC Editor},
  institution = {RFC Editor},
  url = {https://tools.ietf.org/html/rfc5095},
}

@techreport{rfc7126,
  author = {{\relax F. Gont et al.}},
  title = {{Recommendations on Filtering of IPv4 Packets Containing IPv4 Options}},
  howpublished = {Internet Requests for Comments},
  type = {RFC},
  number = {7126},
  year = {2014},
  month = {February},
  publisher = {RFC Editor},
  institution = {RFC Editor},
  url = {https://tools.ietf.org/html/rfc7126},
}

@misc{bolg-cisco-sr-birthday,
   author = {{Cisco Blogs}},
   title = {{Celebrating Segment Routing's 5th Birthday}},
   howpublished = {\url{https://blogs.cisco.com/sp/celebrating-segment-routings-5th-birthday}},
}

@misc{blog-cisco-iliad-srv6,
   author = {{Cisco Blogs}},
   title = {{Iliad Launches 5G Ready IP Network Architecture with Segment Routing IPv6 in Italy}},
   howpublished = {\url{https://newsroom.cisco.com/press-release-content?articleId=1978361}},
}

@misc{blog-cisco-softbank-srv6,
   author = {{Cisco Blogs}},
   title = {{Cisco Supports SoftBank on First Segment Routing IPv6 Deployment in Prep for 5G}},
   howpublished = {\url{https://newsroom.cisco.com/press-release-content?articleId=1969030}},
}

@misc{fd-io-vpp,
   key = {fd-io-vpp},
   title = {{What is VPP ?}},
   howpublished = {\url{https://wiki.fd.io/view/VPP}},
}

@techreport{srv6-inter-op,
  author = {{\relax C. Filsfils et al.}},
  title = {{SRv6 interoperability report}},
  type = {Internet-Draft},
  year = {2018},
  month = {September},
  institution = {IETF},
  url = {https://tools.ietf.org/html/draft-filsfils-spring-srv6-interop-01},
}

@techreport{filsfils-spring-srv6-interop,
	number =	{draft-filsfils-spring-srv6-interop},
	type =		{Internet-Draft},
	institution =	{Internet Engineering Task Force},
	publisher =	{Internet Engineering Task Force},
	note =		{Work in Progress},
	url =		{https://datatracker.ietf.org/doc/draft-filsfils-spring-srv6-interop},
    author =	{{\relax C. Filsfils et al.}},
	title =		{{SRv6 interoperability report}},
	year =		2019,
	month =		mar,
	day =		4,
}

@techreport{rfc8200,
  author = {{\relax S. Deering et al.}},
  title = {{Internet Protocol, Version 6 (IPv6) Specification}},
  howpublished = {Internet Requests for Comments},
  type = {RFC},
  number = {8200},
  year = {2017},
  month = {July},
  publisher = {RFC Editor},
  institution = {RFC Editor},
  url = {https://tools.ietf.org/html/rfc8200},
}

@inproceedings{duchene2018srv6pipes,
  title={SRv6Pipes: enabling in-network bytestream functions},
  author={F. Duch{\^e}ne and others},
  booktitle={IFIP Networking 2018},
  year={2018}
}

@misc{yaml,
   author = {O. Ben-Kiki and others},
   title = {{YAML Ain't Markup Language}},
   howpublished = {\url{http://www.yaml.org/spec/1.2/spec.html}},
   year = {2009}
}

@misc{scapy,
   key = {scapy},
   title = {Scapy - Packet crafting for Python},
   howpublished = {\url{https://scapy.net/}},
}

@misc{trex-client-api,
   key = {trex-client-api},
   title = {TRex Stateless Python API},
   howpublished = {\url{https://trex-tgn.cisco.com/trex/doc/cp_stl_docs/index.html}},
}

@techreport{rfc1242,
  author = {{\relax S. Bradner}},
  title = {{Benchmarking Terminology for Network Interconnection Devices}},
  howpublished = {Internet Requests for Comments},
  type = {RFC},
  number = {1242},
  year = {1991},
  month = {July},
  publisher = {RFC Editor},
  institution = {RFC Editor},
  url = {https://tools.ietf.org/html/rfc1242},
}

@misc{opnfv-nfvbench,
  author = {A. Hothan and others},
  title = {{NFVBench Documentation - Release 1.5.1}},
  year = {2018},
  month = {June},
  url = {https://media.readthedocs.org/pdf/opnfv-nfvbench/stable/opnfv-nfvbench.pdf},
}

@article{abdullah2018segment,
  title={{Segment Routing in Software Defined Networks: A Survey}},
  author={Z. N. Abdullah and others},
  journal={IEEE Communications Surveys \& Tutorials},
  year={2018},
  doi={10.1109/COMST.2018.2869754},
  publisher={IEEE}
}

@online{quagga,
  title = {{Quagga project}},
  url = {https://www.quagga.net},
  urldate = {2018-04-07}
}

@online{frr-sr,
  title = {{OSPFv2 Segment Routing}},
  url = {https://github.com/FRRouting/frr/blob/master/doc/developer/ospf-sr.rst},
  urldate = {2018-04-07}
}

@online{cord,
    Date-Added = {2016-04-26 11:06:41 +0000},
	Date-Modified = {2016-04-26 11:08:52 +0000},
	Title = "{OpenCORD Project}",
    url = {https://opencord.org}
}

@online{seba,
    Date-Added = {2018-04-26 11:06:41 +0000},
	Date-Modified = {2018-04-26 11:08:52 +0000},
	Title = "{SEBA Project}",
    url = {https://guide.opencord.org/profiles/seba/}
}

@online{p4,
    Date-Added = {2018-04-26 11:06:41 +0000},
	Date-Modified = {2018-04-26 11:08:52 +0000},
	Title = "{P4 Language Consortium}",
    url = {https://p4.org}
}

@online{p4runtime,
    Date-Added = {2018-04-26 11:06:41 +0000},
	Date-Modified = {2018-04-26 11:08:52 +0000},
	Title = "{P4 Runtime}",
    url = {https://p4.org/p4-runtime/}
}

@online{stratum,
  title = {{Stratum Project}},
  url = {https://stratumproject.org},
  urldate = {2018-04-07}
}

@online{trellis-tutorial,
  title = {{Trellis Tutorial}},
  url = {http://bit.ly/trellis-p4-slides},
  urldate = {2018-11-07}
}

@article{hou2019optimization,
  title={{An Optimization Routing Algorithm Based on Segment Routing in Software-Defined Networks}},
  author={X. Hou and others},
  journal={Sensors},
  volume={19},
  number={1},
  pages={49},
  year={2019},
  publisher={Multidisciplinary Digital Publishing Institute}
}

@inproceedings{oshi1,
  title={{OSHI-Open Source Hybrid IP/SDN networking (and its emulation on Mininet and on distributed SDN testbeds)}},
  author={S. Salsano and others},
  booktitle={{Software Defined Networks (EWSDN), 2014 Third European Workshop on}},
  pages={13--18},
  year={2014},
  organization={{IEEE}}
}

@article{oshi2,
  title={{Hybrid IP/SDN networking: open implementation and experiment management tools}},
  author={S. Salsano and others},
  journal={{IEEE Transactions on Network and Service Management}},
  volume={13},
  number={1},
  pages={138--153},
  year={2016},
  publisher={{IEEE}}
}

@online{ovs,
  urldate = {2018-11-07},
  title={{Open vSwitch}},
  note={available online at http://openvswitch.org},
  key={ovs}
}

@inproceedings{mantoo,
  title={{Mantoo-a set of management tools for controlling SDN experiments}},
  author={S. Salsano and others},
  booktitle={Software Defined Networks (EWSDN), 2015 Fourth European Workshop on},
  pages={123--124},
  year={2015},
  organization={IEEE}
}

@online{pmsr-tutorial,
  title = {{PMSR Tutorial}},
  url = {https://github.com/netgroup/SDN-TE-SR-tools},
  urldate = {2018-11-07}
}

@online{oshi-home,
  title = {{OSHI homepage}},
  url = {http://netgroup.uniroma2.it/OSHI},
  urldate = {2018-11-07}
}

@online{srv6-ebpf-tutorial,
  title = {{Programming network actions with BPF}},
  url = {https://segment-routing.org/index.php/Implementation/BPF},
  urldate = {2018-11-07}
}

@online{srv6-ebpf-code1,
  title = {{SRv6-BPF}},
  url = {https://github.com/Zashas/Thesis-SRv6-BPF},
  urldate = {2018-11-07}
}

@online{srv6-ebpf-code2,
  title = {{SRv6-BFD}},
  url = {https://github.com/Zashas/SRv6-BFD},
  urldate = {2018-11-07}
}

@article{mayer2019efficient,
  title={{An Efficient Linux Kernel Implementation of Service Function Chaining for legacy VNFs based on IPv6 Segment Routing}},
  author={A. Mayer and others},
  journal={arXiv preprint arXiv:1901.00936},
  year={2019}
}

@online{srn-overview,
  title = {{SRN Overview}},
  url = {https://segment-routing.org/index.php/SRN/SRN},
  urldate = {2018-11-07}
}

@online{srn-code,
  title = {{SRN}},
  url = {https://github.com/segment-routing/srn},
  urldate = {2018-11-07}
}

@online{srn-vm,
  title = {{Using SRN}},
  url = {https://segment-routing.org/index.php/SRN/UsingSRN},
  urldate = {2018-11-07}
}

@misc{rfc7047,
	series =	{Request for Comments},
	number =	7047,
	howpublished =	{RFC 7047},
	publisher =	{RFC Editor},
	doi =		{10.17487/RFC7047},
	url =		{https://rfc-editor.org/rfc/rfc7047.txt},
    author =	{{\relax B. Pfaff et al.}},
	title =		{{The Open vSwitch Database Management Protocol}},
	pagetotal =	35,
	year =		2013,
	month =		dec,
}

@online{srv6-sdn,
  title = {{SRv6-SDN}},
  url = {https://netgroup.github.io/srv6-sdn/},
  urldate = {2018-11-07}
}

@online{rose,
  title = {{ROSE}},
  url = {https://netgroup.github.io/rose/},
  urldate = {2018-11-07}
}

@online{srv6pipes-code,
  title = {{SRv6Pipes}},
  url = {https://github.com/segment-routing/SRv6Pipes},
  urldate = {2018-11-07}
}

@online{srv6pipes,
  title = {{SRv6Pipes Walkthrough}},
  url = {https://segment-routing.org/index.php/SRv6Pipes/SRv6Pipes},
  urldate = {2018-11-07}
}

@inproceedings{aubry2018robustly,
  title={{Robustly disjoint paths with segment routing}},
  author={A. Fran{\c{c}}ois and others},
  booktitle={Proceedings of the 14th International Conference on emerging Networking EXperiments and Technologies},
  pages={204--216},
  year={2018},
  organization={ACM}
}

@online{cisco,
  title = {{Cisco System}},
  url = {https://www.cisco.com},
  urldate = {2018-11-07}
}

@online{barefoot,
  title = {{Barefoot Networks}},
  url = {https://www.barefootnetworks.com},
  urldate = {2018-11-07}
}

@online{bmv2,
  title = {{BMv2 Switch}},
  url = {http://www.bmv2.org},
  urldate = {2018-11-07}
}

@online{cavium,
  title = {{Cavium}},
  url = {https://www.cavium.com},
  urldate = {2018-11-07}
}

@online{wireshark,
  title = {{Wireshark}},
  url = {https://www.wireshark.org},
  urldate = {2018-11-07}
}

@online{tcpdump,
  title = {{tcpdump}},
  url = {http://www.tcpdump.org},
  urldate = {2018-11-07}
}

@online{iptables,
  title = {{iptables}},
  url = {https://www.netfilter.org},
  urldate = {2018-11-07}
}

@online{nftables,
  title = {{nftables}},
  url = {https://wiki.nftables.org/wiki-nftables/index.php/Main_Page},
  urldate = {2018-11-07}
}

@online{snort,
  title = {{snort}},
  url = {https://www.snort.org},
  urldate = {2018-11-07}
}

@online{interop-demo,
  title = {{SRv6 Interop Demo}},
  url = {https://blogs.cisco.com/sp/segment-routing-ipv6-interoperability-demo-is-already-there},
  urldate = {2018-11-07}
}

@online{desmouceauxcontent,
  title={{A Content-aware Data-plane for Efficient and Scalable Video Delivery}},
  author={Y. Desmouceaux and others}
}

@online{srnk-home,
  title = {{SRNK}},
  url = {https://netgroup.github.io/srnk/},
  urldate = {2018-11-07}
}

@online{robustly-home,
  title = {{RobustlyDisjointPathsCode}},
  url = {https://bitbucket.org/franaubry/robustlydisjointpathscode},
  urldate = {2018-11-07}
}

@online{srext-home,
  title = {{SRv6-net-prog}},
  url = {https://netgroup.github.io/SRv6-net-prog/},
  urldate = {2018-11-07}
}

@misc{kubernetes,
  Date-Added = {2016-04-26 11:06:41 +0000},
  Date-Modified = {2016-04-26 11:08:52 +0000},
  Title = {Kubernetes},
  url = {http://kubernetes.io}
}
    
@misc{openstack,
  Date-Added = {2016-04-26 11:06:41 +0000},
  Date-Modified = {2016-04-26 11:08:52 +0000},
  Title = "{O}pen{S}tack",
  url = {https://www.openstack.org}
}

@misc{srnews,
  Date-Added = {2016-04-26 11:06:41 +0000},
  Date-Modified = {2016-04-26 11:08:52 +0000},
  Title = {{Segment Routing - News}},
  url = {http://www.segment-routing.net/news}
}

@article{ventre2019survey,
  title={Segment Routing: A comprehensive survey of research activities, standardization efforts and implementation results},
  author={P.L. Ventre and others},
  journal={arXiv preprint arXiv:1904.03471},
  year={2019}
}

#################################
##       NOT YET SURVEYED      ##
#################################


@inproceedings{li2018ilp,
  title={{ILP Formulation for Monitoring-Cycle Construction Using Segment Routing}},
  author={X. Li and others},
  booktitle={2018 IEEE 43rd Conference on Local Computer Networks (LCN)},
  pages={485--492},
  year={2018},
  organization={IEEE}
}

@inproceedings{settawatcharawanit2018segment,
  title={{Segment Routed Traffic Engineering with Bounded Stretch in Software-Defined Networks}},
  author={T. Settawatcharawanit and others},
  booktitle={2018 IEEE 43rd Conference on Local Computer Networks (LCN)},
  pages={477--480},
  year={2018},
  organization={IEEE}
}

@inproceedings{schuller2018practical,
  title={{On the Practical Irrelevance of Metrics on Segment Routing Traffic Engineering optimization}},
  author={T. Sch{\"u}ller and others},
  booktitle={2018 IEEE 43rd Conference on Local Computer Networks (LCN)},
  pages={640--647},
  year={2018},
  organization={IEEE}
}

@inproceedings{chi2018live,
  title={{Live Video Multicast for Dynamic Users via Segment Routing in 5G Networks}},
  author={T.H. Chi and others},
  booktitle={2018 IEEE Global Communications Conference (GLOBECOM)},
  pages={1--7},
  year={2018},
  organization={IEEE}
}

@inproceedings{huang2018real,
  title={{A Real-time and Memory-saving Link Recovery Mechanism for Green Software-Defined Networking}},
  author={C.W. Huang and others},
  booktitle={2018 IEEE Global Conference on Signal and Information Processing (GlobalSIP)},
  pages={853--857},
  year={2018},
  organization={IEEE}
}

@inproceedings{gang2018throughput,
  title={{Throughput Maximization Routing in the Hybrid Segment Routing Network}},
  author={Y. Gang and others},
  booktitle={Proceedings of the 2nd International Conference on Telecommunications and Communication Engineering},
  pages={262--267},
  year={2018},
  organization={ACM}
}

@article{eramo2019effectiveness,
  title={Effectiveness of Segment Routing Technology in Reducing the Bandwidth and Cloud Resources Provisioning Times in Network Function Virtualization Architectures},
  author={V. Eramo and others},
  journal={Future Internet},
  volume={11},
  number={3},
  pages={71},
  year={2019},
  publisher={Multidisciplinary Digital Publishing Institute}
}

@inproceedings{zhong2018improving,
  title={Improving Integrated Terrestrial-Satellite Network Utilization using Near-Optimal Segment Routing},
  author={Zhong, Guiting and Yan, Jian and Kuang, Linling},
  booktitle={2018 IEEE/CIC International Conference on Communications in China (ICCC Workshops)},
  pages={64--68},
  year={2018},
  organization={IEEE}
}

@inproceedings{basuki2019assuring,
  title={Assuring Segment Routing Distributive-ness on OpenFlow Network with Stateful Data Plane},
  author={Basuki, Akbari Indra and Sidiq, Muhammad Fajar and Syamsi, Djohar},
  booktitle={2018 International Conference on Information Technology Systems and Innovation (ICITSI)},
  pages={209--216},
  year={2019},
  organization={IEEE}
}

@inproceedings{spinelli2019chaining,
  title={Chaining your Virtual Private Clouds with Segment Routing},
  author={Spinelli, Francesco and Iannone, Luigi and Tollet, Jerome},
  year={2019}
}

@article{long2019scalable,
  title={Scalable explicit path control in software-defined networks},
  author={Long, Luo and Yu, Hongfang and Luo, Shouxi and Ye, Zilong and Du, Xiaojiang and Guizani, Mohsen},
  journal={Journal of Network and Computer Applications},
  year={2019},
  publisher={Elsevier}
}

@article{van2019rp1,
  title={RP1 research paper Technical feasibility of Segment Routing Traffic Engineering to steer traffic through VNFs},
  author={van der Gaag, Ronald and Slotboom, Mike},
  year={2019}
}

@inproceedings{basuki2018sub,
  title={Sub-Second Path Restoration for Stateful-based Segment Routing},
  author={Basuki, Akbari Indra and Krisnandi, Dikdik and Wardoyo, Riyo and Syamsi, Djohar},
  booktitle={2018 International Conference on Computer, Control, Informatics and its Applications (IC3INA)},
  pages={98--103},
  year={2018},
  organization={IEEE}
}

@inproceedings{jadin2019cg4sr,
  title={CG4SR: Near Optimal Traffic Engineering for Segment Routing with Column Generation},
  author={Jadin, Mathieu and Aubry, Fran{\c{c}}ois and Schaus, Pierre and Bonaventure, Olivier},
  booktitle={IEEE Infocom. Proceedings},
  year={2019}
}
